@inproceedings{uncited,
abstract = {do not delete - needed to identify not referenced entries},
address = {everything below this entry is not cited in the document},
annote = {everything below this entry is not cited in the document},
author = {everything below this entry is not cited in the document},
booktitle = {everything below this entry is not cited in the document},
title = {everything below this entry is not cited in the document},
year = {2011}
}

@article{rfc:1149,
  title={{RFC 1149, Standard for the Transmission of IP Datagrams on Avian Carriers}},
  author={Waitzman, D.},
  journal={Internet Engineering Task Force},
  year={1990}
}
